<?xml version="1.0" encoding="UTF-8"?><collection xmlns="http://www.loc.gov/MARC21/slim"><record><leader>00489nam--2200145-i-4500</leader><controlfield tag="001">000004354</controlfield><controlfield tag="002">20161230</controlfield><controlfield tag="005">20170207232831</controlfield><controlfield tag="008">060222s1000------------r-----000-0-eng-d</controlfield><datafield ind1=" " ind2=" " tag="100"><subfield code="a">Demeur, Marcel</subfield></datafield><datafield ind1=" " ind2=" " tag="245"><subfield code="a">Etude de l interaction entre le champ propre d une particule et un champ electro-magnetique homogene et constant</subfield></datafield><datafield ind1=" " ind2=" " tag="260"><subfield code="a">Bruxelles</subfield><subfield code="b">Academie Royale De Belgique</subfield><subfield code="c">1953</subfield></datafield><datafield ind1=" " ind2=" " tag="300"><subfield code="a">98 p</subfield></datafield><datafield ind1=" " ind2=" " tag="490"><subfield code="a">Acad.Roy.De Belgique, Memoires, 28, 5, 1953</subfield></datafield><datafield ind1=" " ind2=" " tag="CAT"><subfield code="a">SYS</subfield><subfield code="c">20170207</subfield><subfield code="h">232831</subfield></datafield></record></collection>